@ARTICLE{DON99,
        author = {Gianluca Donato and Marian Stewart Bartlett and Joseh C. Hager and Paul Ekman and Terrence J. Sejnowski},
        title = {Classifying Facial Actions},
        journal = {IEEE Trans. Pattern Analysis and Machine Intelligence},
        volume = {21},
        number = {10},
        pages = "974--989", 
        year = {1999}
}

@ARTICLE{PAN00,
        author = {Maja Pantic and Leon J.M. Rothkrantzi},
        title = {Automatic Analysis of Facial Expressions: the State of the Art},
        journal = {IEEE Trans. Pattern Analysis and Machine Intelligence},
        volume = {22},
        number = {12},
        pages = "1424--1445", 
        year = {2000}
}

@BOOKLET{Madsen2010,
  author = {Lars Madsen},
  title = {Introduktion til {LaTeX}},
  year = {2010},
  howpublished = {\url{http://www.imf.au.dk/system/latex/bog/}}
 }
 
@MISC{Oetiker2010,
  author = {Tobias Oetiker},
  title = {The Not So Short A Introduction to {LaTeX2e}},
  year = {2010},
  howpublished = {\url{http://tobi.oetiker.ch/lshort/lshort.pdf}}
 }
 
@BOOK{Mittelbach2005,
  author = {Frank Mittelbach},
  edition = {2. ed.},
  publisher = {Addison-Wesley},
  title = {The LATEX companion},
  year = 2005
}
